<?xml version="1.0" encoding="utf-8"?>
<record xmlns="http://www.loc.gov/MARC21/slim" xmlns:xsi="http://www.w3.org/2001/XMLSchema-instance" xsi:schemaLocation="http://www.loc.gov/MARC21/slim http://www.loc.gov/standards/marcxml/schema/MARC21slim.xsd">
	<leader>     nam a22        4500</leader>
	<controlfield tag="001">645103</controlfield>
	<controlfield tag="003">NNC</controlfield>
	<controlfield tag="006">m        d        </controlfield>
	<controlfield tag="007">cr cn |||m|||a</controlfield>
	<controlfield tag="008">170607m19101911sy      o     00010 ara d</controlfield>
	<datafield ind1=" " ind2=" " tag="040">
		<subfield code="a">NNU</subfield>
		<subfield code="b">eng</subfield>
		<subfield code="c">NNU</subfield>
	</datafield>
	<datafield ind1="1" ind2="0" tag="100">
		<subfield code="a">Bannā, Aḥmad ibn Muḥammad.</subfield>
	</datafield>
	<datafield ind1="1" ind2="0" tag="245">
		<subfield code="a">Kitāb al-dhakhāʾir al-muhimmāt fī dhikr mā yajib al-īmān bihi min al-masmūʻāt</subfield>
		<subfield code="h">[electronic resource] /</subfield>
		<subfield code="c">taʾlīf Aḥmad ibn Muḥammad al-Bannā al-Dimyāṭī al-Shāfiʻī.</subfield>
	</datafield>
	<datafield ind1="0" ind2=" " tag="260">
		<subfield code="a">Ḥalab :</subfield>
		<subfield code="b">Maṭbaʻat al-Bahāʾ,</subfield>
		<subfield code="c">1328 [1910 or 1911]</subfield>
	</datafield>
	<datafield ind1=" " ind2=" " tag="300">
		<subfield code="a">online resource (408 p.)</subfield>
	</datafield>
	<datafield ind1=" " ind2=" " tag="500">
		<subfield code="a">In Arabic.</subfield>
	</datafield>
	<datafield ind1=" " ind2=" " tag="500">
		<subfield code="a">Part of the Arabic Collections Online (ACO) project, contributed by Columbia University Libraries.</subfield>
	</datafield>
	<datafield ind1=" " ind2=" " tag="533">
		<subfield code="a">Electronic reproduction.</subfield>
		<subfield code="b">New York, N.Y. :</subfield>
		<subfield code="c">New York University,</subfield>
		<subfield code="d">2017.</subfield>
		<subfield code="5">NNU</subfield>
	</datafield>
	<datafield ind1=" " ind2="0" tag="650">
		<subfield code="a">Islam</subfield>
		<subfield code="x">Doctrines.</subfield>
	</datafield>
	<datafield ind1=" " ind2="0" tag="650">
		<subfield code="a">Eschatology, Islamic.</subfield>
	</datafield>
	<datafield ind1="2" ind2=" " tag="710">
		<subfield code="a">Columbia University.</subfield>
		<subfield code="b">Libraries.</subfield>
	</datafield>
	<datafield ind1="0" ind2=" " tag="730">
		<subfield code="a">Arabic Collections Online.</subfield>
	</datafield>
	<datafield ind1="0" ind2="1" tag="740">
		<subfield code="a">Dhakhāʾir al-muhimmāt fī dhikr mā yajib al-īmān bihi min al-masmūʻāt.</subfield>
	</datafield>
	<datafield ind1="0" ind2="8" tag="776">
		<subfield code="i">Print version:</subfield>
		<subfield code="a">Bannā, Aḥmad ibn Muḥammad.</subfield>
		<subfield code="t">Kitāb al-dhakhāʾir al-muhimmāt fī dhikr mā yajib al-īmān bihi min al-masmūʻāt</subfield>
		<subfield code="w">(NNC)645103</subfield>
	</datafield>
	<datafield ind1="4" ind2="0" tag="856">
		<subfield code="u">http://hdl.handle.net/2333.1/9cnp5phd</subfield>
	</datafield>
	<datafield ind1=" " ind2=" " tag="959">
		<subfield code="a">NNU</subfield>
		<subfield code="b">WEB</subfield>
		<subfield code="c">GENI</subfield>
		<subfield code="t">0</subfield>
		<subfield code="m">Electronic access</subfield>
		<subfield code="s">01</subfield>
	</datafield>
	<datafield ind1=" " ind2=" " tag="999">
		<subfield code="i">NNC_645103</subfield>
		<subfield code="s">columbia_aco002504</subfield>
		<subfield code="e">(ERROR-880)(ERROR-MISC)</subfield>
	</datafield>
</record>
